<?xml version="1.0" encoding="UTF-8"?><collection xmlns="http://www.loc.gov/MARC21/slim"><record><leader>00419nam--2200121-i-4500</leader><controlfield tag="001">000024629</controlfield><controlfield tag="002">20161230</controlfield><controlfield tag="005">20161230201035</controlfield><controlfield tag="008">060222s1000------------r-----000-0-eng-d</controlfield><datafield ind1=" " ind2=" " tag="245"><subfield code="a">Grundlagen der chemischen technik. band 2: physikalische chemie als einfuhrung in die chemische technik. von otto fuchs</subfield></datafield><datafield ind1=" " ind2=" " tag="260"><subfield code="a">Aarau, Frankfurt Am Main, Verlag H.R. Sauerlander And Co., 1957</subfield></datafield><datafield ind1=" " ind2=" " tag="700"><subfield code="a">Von Fuchs, Otto</subfield></datafield><datafield ind1=" " ind2=" " tag="852"><subfield code="a">76807</subfield></datafield></record></collection>